@Article{Kauffmann:2010:Genomics,
  ISI =		 {ISI:000275524700002},
  URL =		 {NA},
  PDF =		 {20079422.pdf},
  Author =	 "Audrey Kauffmann and Wolfgang Huber",
  Title =	 "{{M}icroarray data quality control improves the
                  detection of differentially expressed genes}",
  Journal =	 "Genomics",
  Year =	 2010,
  Volume =	 95,
  Pages =	 "138--142",
}

@Article{Kauffmann:2009b:Bioinf,
  ISI =		 {ISI:000268808600020},
  URL =		 {NA},
  PDF =		 {bio19505942.pdf},
  Author =	 "Audrey Kauffmann and Tim F. Rayner and Helen
                  Parkinson and Misha Kapushesky and Margus Lukk and
                  Alivs Brazma and Wolfgang Huber",
  Title =	 "{{I}mporting {A}rray{E}xpress datasets into
                  {R}/{B}ioconductor}",
  Journal =	 {Bioinformatics},
  Year =	 2009,
  Volume =	 25,
  Pages =	 "2092--2094",
}

@Article{Kauffmann:2009a:Bioinf,
  ISI =		 {ISI:000268808600020},
  URL =		 {NA},
  PDF =		 {bioinformatics19106121.pdf},
  author =	 {Audrey Kauffmann and Robert Gentleman and Wolfgang
                  Huber},
  Title =	 {{arrayQualityMetrics} - a {Bioconductor} package for
                  quality assessment of microarray data},
  journal =	 {Bioinformatics},
  Year =	 2009,
  Volume =	 25,
  Pages =	 "415--416",
}
@TechReport{McCall2010,
  author = 	 {Matthew N McCall1 and Peter N Murakami and Rafael A Irizarry},
  title = 	 {Assessing Microarray Quality},
  institution =  {Department of Biostatistics, Johns Hopkins Bloomberg School of Public Health, 615 N. Wolfe St., Baltimore, MD 21205},
  year = 	 {2010}
}

